% put bibtex entries here!
@article{Dwork2013,
  doi = {10.1561/0400000042},
  url = {https://doi.org/10.1561/0400000042},
  year = {2013},
  publisher = {Now Publishers},
  volume = {9},
  number = {3-4},
  pages = {211--407},
  author = {Cynthia Dwork and Aaron Roth},
  title = {The Algorithmic Foundations of Differential Privacy},
  journal = {Foundations and Trends{\textregistered} in Theoretical Computer Science}
}

@book{Robert2004,
  title = {Monte Carlo Statistical Methods},
  ISBN = {9781475741452},
  ISSN = {1431-875X},
  url = {http://dx.doi.org/10.1007/978-1-4757-4145-2},
  DOI = {10.1007/978-1-4757-4145-2},
  journal = {Springer Texts in Statistics},
  publisher = {Springer New York},
  author = {Robert,  Christian P. and Casella,  George},
  year = {2004}
}

@inproceedings{
Ju2022,
title={Data Augmentation {MCMC} for Bayesian Inference from Privatized Data},
author={Nianqiao Ju and Jordan Awan and Ruobin Gong and Vinayak Rao},
booktitle={Advances in Neural Information Processing Systems},
editor={Alice H. Oh and Alekh Agarwal and Danielle Belgrave and Kyunghyun Cho},
year={2022},
url={https://openreview.net/forum?id=tTWCQrgjuM}
}

@article{Gong2022,
  title = {Transparent Privacy is Principled Privacy},
  url = {http://dx.doi.org/10.1162/99608f92.b5d3faaa},
  DOI = {10.1162/99608f92.b5d3faaa},
  number = {Special Issue 2},
  journal = {Harvard Data Science Review},
  publisher = {MIT Press - Journals},
  author = {Gong,  Ruobin},
  year = {2022},
  month = jun 
}

@misc{Ji2014,
      title={Differential Privacy and Machine Learning: a Survey and Review}, 
      author={Zhanglong Ji and Zachary C. Lipton and Charles Elkan},
      year={2014},
      eprint={1412.7584},
      archivePrefix={arXiv},
      primaryClass={cs.LG}
}

@book{Yi2017,
  title = {Statistical Analysis with Measurement Error or Misclassification},
  ISBN = {9781493966400},
  ISSN = {2197-568X},
  url = {http://dx.doi.org/10.1007/978-1-4939-6640-0},
  DOI = {10.1007/978-1-4939-6640-0},
  journal = {Springer Series in Statistics},
  publisher = {Springer New York},
  author = {Yi,  Grace Y.},
  year = {2017}
}

@book{Carroll2006,
  title = {Measurement Error in Nonlinear Models},
  ISBN = {9781420010138},
  url = {http://dx.doi.org/10.1201/9781420010138},
  DOI = {10.1201/9781420010138},
  publisher = {Chapman and Hall/CRC},
  author = {Carroll,  Raymond J. and Ruppert,  David and Stefanski,  Leonard A. and Crainiceanu,  Ciprian M.},
  year = {2006},
  month = jun 
}

@inproceedings{Smith2011,
  series = {STOC’11},
  title = {Privacy-preserving statistical estimation with optimal convergence rates},
  url = {http://dx.doi.org/10.1145/1993636.1993743},
  DOI = {10.1145/1993636.1993743},
  booktitle = {Proceedings of the forty-third annual ACM symposium on Theory of computing},
  publisher = {ACM},
  author = {Smith,  Adam},
  year = {2011},
  month = jun,
  collection = {STOC’11}
}

@misc{Karwa2015,
      title={Private Posterior distributions from Variational approximations}, 
      author={Vishesh Karwa and Dan Kifer and Aleksandra B. Slavković},
      year={2015},
      eprint={1511.07896},
      archivePrefix={arXiv},
      primaryClass={stat.ML}
}

@online{TopDown,
  author = {U.S. Census Bureau},
  title = {Disclosure Avoidance and the 2020 Census: How the TopDown Algorithm Works},
  year = 2023,
  url = {https://www.census.gov/library/publications/2023/decennial/c2020br-04.html},
  urldate = {2024-01-16}
}
