@article{alabi2020,
  doi = {10.48550/ARXIV.2007.05157},
  url = {https://arxiv.org/abs/2007.05157},
  author = {Alabi,  Daniel and McMillan,  Audra and Sarathy,  Jayshree and Smith,  Adam and Vadhan,  Salil},
  keywords = {Machine Learning (cs.LG),  Cryptography and Security (cs.CR),  Methodology (stat.ME),  Machine Learning (stat.ML),  FOS: Computer and information sciences,  FOS: Computer and information sciences},
  title = {Differentially Private Simple Linear Regression},
  publisher = {arXiv},
  year = {2020},
  copyright = {arXiv.org perpetual,  non-exclusive license}
}